@article{leow2023enhancing,
  title={Enhancing Real Estate Investment Trust (REIT) Return Forecasts via Machine Learning},
  author={Leow, Kah Shin and Lindenthal, Thies},
  journal={Real Estate Economics},
  year={2023},
  publisher={Wiley Online Library}
}

@book{foster1978financial,
  title={Financial Statement Analysis},
  author={Foster, George},
  year={1978},
  publisher={Prentice-Hall}
}

@inproceedings{yadav2020optimizing,
  title={Optimizing LSTM for time series prediction in Indian stock market},
  author={Yadav, Anita and Jha, C K and Sharan, Aditi},
  booktitle={Procedia Computer Science},
  volume={167},
  pages={2091--2100},
  year={2020},
  organization={Elsevier}
}

@article{patel2015predicting,
  title={Predicting the direction of stock market prices using tree-based classifiers},
  author={Patel, Jayesh and Shah, Sudhir and Thakkar, Pritesh and Kotecha, K K},
  journal={North American Journal of Economics and Finance},
  volume={34},
  pages={323--342},
  year={2015},
  publisher={Elsevier}
}

@article{ballings2020evaluation,
  title={Evaluation of Tree-Based Ensemble Machine Learning Models in Predicting Stock Price Direction of Movement},
  author={Ballings, Michel and Van den Poel, Dirk and Hespeels, Niels and Gryp, Robrecht},
  journal={Information},
  volume={11},
  number={6},
  pages={332},
  year={2020},
  publisher={MDPI}
}

@article{huang2022machine,
  title={Machine Learning for Stock Prediction Based on Fundamental Analysis},
  author={Huang, Yuxuan and Capretz, Luiz Fernando and Ho, Danny},
  journal={arXiv preprint arXiv:2202.05702},
  year={2022}
}
